%% Insert your bibliography here

@book{Brock2012,
	author    = {Michael T. Madigan},
	title     = {Brock, biolog√≠a de microorganismos},
	publisher = {Pearson},
	year      = 2012,
	edition   = 12,
	isbn      = {9788490352793}
}

@book{Prescott2011,
	author= {Willey, J. M., Sherwood, L., Woolverton, C. J., Prescott, L. M., & Willey, J. M.},
	year = 2011,
	title = {Prescott's microbiology}, 
	publisher = {McGraw-Hill},
	isbn = {9781259281594}
}